<?xml version="1.0" encoding="UTF-8"?><record xmlns="http://www.loc.gov/MARC21/slim" xmlns:cinclude="http://apache.org/cocoon/include/1.0" xmlns:zs="http://www.loc.gov/zing/srw/">
  <leader>01372cz  a2200241n  4500</leader>
  <controlfield tag="001">nr 97030312 </controlfield>
  <controlfield tag="003">DLC</controlfield>
  <controlfield tag="005">20020212053008.0</controlfield>
  <controlfield tag="008">970827n| acannaabn          |a ana     c</controlfield>
  <datafield tag="010" ind1=" " ind2=" ">
    <subfield code="a">nr 97030312 </subfield>
  </datafield>
  <datafield tag="035" ind1=" " ind2=" ">
    <subfield code="a">(OCoLC)oca04425112</subfield>
  </datafield>
  <datafield tag="040" ind1=" " ind2=" ">
    <subfield code="a">CtY-BR</subfield>
    <subfield code="b">eng</subfield>
    <subfield code="c">CtY-BR</subfield>
    <subfield code="d">CSt</subfield>
    <subfield code="d">DLC</subfield>
    <subfield code="d">PPi-MA</subfield>
  </datafield>
  <datafield tag="110" ind1="2" ind2=" ">
    <subfield code="a">Maison royale de Saint-Louis (Saint-Cyr-l'Ecole, France)</subfield>
  </datafield>
  <datafield tag="410" ind1="2" ind2=" ">
    <subfield code="a">Maison royale de Saint-Cyr (Saint-Cyr-l'Ecole, France)</subfield>
  </datafield>
  <datafield tag="410" ind1="2" ind2=" ">
    <subfield code="a">Casa Real de San Luis (Saint-Cyr-l'Ecole, France)</subfield>
  </datafield>
  <datafield tag="410" ind1="2" ind2=" ">
    <subfield code="a">Saint-Cyr (School)</subfield>
  </datafield>
  <datafield tag="410" ind1="2" ind2=" ">
    <subfield code="a">Maison de Saint-Louis à Saint-Cyr</subfield>
  </datafield>
  <datafield tag="410" ind1="2" ind2=" ">
    <subfield code="a">Royal Convent School at Saint-Cyr (Saint-Cyr-l'Ecole, France)</subfield>
  </datafield>
  <datafield tag="670" ind1=" " ind2=" ">
    <subfield code="a">Déclaration du roi, pour l'admission des demoiselles nobles de Corse, à la Maison royale de Saint-Louis à Saint-Cyr, 1777</subfield>
  </datafield>
  <datafield tag="670" ind1=" " ind2=" ">
    <subfield code="a">LC in RLIN, Aug. 27, 1997</subfield>
    <subfield code="b">(hdg.: Saint Cyr, France (Seine-et-Oise). Maison royale de Saint Louis; usage: Saint-Cyr, Maison royale de Saint-Cyr)</subfield>
  </datafield>
  <datafield tag="670" ind1=" " ind2=" ">
    <subfield code="a">La pedagogía de Saint Cyr, 1983:</subfield>
    <subfield code="b">p. 10 (Casa Real de San Luis; Saint Cyr)</subfield>
  </datafield>
  <datafield tag="670" ind1=" " ind2=" ">
    <subfield code="a">Le théâtre des demoiselles, 2000:</subfield>
    <subfield code="b">t.p. (Saint-Cyr) p. 17 (la maison de Saint-Louis à Saint-Cyr)</subfield>
  </datafield>
  <datafield tag="670" ind1=" " ind2=" ">
    <subfield code="a">Petits motets from the Royal Convent School at Saint-Cyr, c2001:</subfield>
    <subfield code="b">t.p. (the Royal Convent School at Saint-Cyr) p. ix (Maison royale de Saint-Louis; convent school established at Saint-Cyr in 1686)</subfield>
  </datafield>
</record>